@article{jacques2014,
  title={Functional data clustering: a survey},
  author={Jacques, Julien and Preda, Cristian},
  journal={Advances in Data Analysis and Classification},
  volume={8},
  number={3},
  pages={231--255},
  year={2014},
  publisher={Springer}
}
@article{tibshirani2001estimating,
  title={Estimating the number of clusters in a data set via the gap statistic},
  author={Tibshirani, Robert and Walther, Guenther and Hastie, Trevor},
  journal={Journal of the Royal Statistical Society: Series B (Statistical Methodology)},
  volume={63},
  number={2},
  pages={411--423},
  year={2001},
  publisher={Wiley Online Library}
}